@online{OfficialEthereumLanguages,
  title   = {Smart contract languages},
  url     = {https://ethereum.org/en/developers/docs/smart-contracts/languages/},
  urldate = {{2023-10-22}},
  year    = 2022
}

@online{CommunityEthereumLanguages,
  title   = {Github: Curated list of programming languages for blockchains},
  url     = {https://github.com/s-tikhomirov/smart-contract-languages#ethereum},
  urldate = {{2023-10-22}},
  year    = 2023
}

@online{}
@article{A,
  author  = {A. A. Aardvark},
  title   = {Article title},
  journal = {Journal Title},
  year    = {1900},
  volume  = {1},
  pages   = {1--8},
  number  = {1}
}


@incollection{B,
  pages    = {627-637},
  title    = {Title of chapter in the book,},
  author   = {Sweetser, Penny},
  crossref = {crref}
}

@book{crref,
  title     = {Title of Published Book},
  booktitle = {Title of Published Book},
  publisher = {Charles River Media},
  year      = {2004},
  address   = {Hingham, Massachusetts, USA},
  edition   = {1}
}

@article{C,
  author  = {A. A. Abramson and B. B. Barbie and C. C. Rider},
  title   = {Article title},
  journal = {Journal Three},
  year    = {1900},
  volume  = {1},
  pages   = {192--244},
  number  = {1}
}

@article{D,
  author  = {J.K.Author},
  title   = {Article title},
  journal = {Journal Three},
  year    = {1900},
  month   = {6},
  volume  = {1},
  pages   = {192--244},
  number  = {1},
  note    = {Accessed: June 19, 2005. doi: 10.1109/TTHZ.2016.2544142. [Online]. Available: \url{https://ieeexplore.ieee.org/document/7463081}}
}

@conference{F,
  author    = {J\dot K\dot Author},
  title     = {Title of paper},
  booktitle = {Abbreviated Name of Conf.},
  note      = {1900, pp. 16--19. Accessed: June 19, 2005. [Online]. Available: \url{http://www.computer.org/csdl/proceedings/dac/2003/2394/00/2394001-abs.html}}
}