@online{OfficialEthereumLanguages,
  title = {Smart contract languages},
  url   = {https://ethereum.org/en/developers/docs/smart-contracts/languages/},
  note  = {Accessed Oct. 22, 2023},
  year  = 2022
}

@online{EthereumWhitepaper,
  title  = {Ethereum Whitepaper},
  author = {Vitalik Buterin},
  url    = {https://ethereum.org/en/whitepaper},
  year   = 2014
}

@article{SolidityWidelyUsed,
  title   = {Towards Safer Smart Contracts: A Survey of Languages and Verification Methods},
  author  = {Dominik Harz and William John Knottenbelt},
  journal = {ArXiv},
  year    = {2018},
  volume  = {abs/1809.09805},
  url     = {https://api.semanticscholar.org/CorpusID:52844161}
}

@article{SolidityDevsChallenges,
  author  = {Zou, Weiqin and Lo, David and Kochhar, Pavneet Singh and Le, Xuan-Bach Dinh and Xia, Xin and Feng, Yang and Chen, Zhenyu and Xu, Baowen},
  journal = {IEEE Transactions on Software Engineering},
  title   = {Smart Contract Development: Challenges and Opportunities},
  year    = {2021},
  volume  = {47},
  number  = {10},
  pages   = {2084-2106},
  doi     = {10.1109/TSE.2019.2942301}
}

@online{SolidityInspirasion,
  title   = {Language Influences},
  url     = {https://docs.soliditylang.org/en/v0.8.22/language-influences.html},
  note  = {Accessed Oct. 29, 2023},
  year    = {2021}
}

@online{SolidityFeatures,
  title   = {Solidity},
  url     = {https://docs.soliditylang.org/en/v0.8.22/},
  note  = {Accessed Oct. 29, 2023},
  year    = {2023}
}

@online{VyperDescription,
  title   = {Vyper},
  url     = {https://docs.vyperlang.org/en/stable/},
  note  = {Accessed Oct. 29, 2023},
  year    = {2020}
}

@online{RedMonk,
  title   = {The RedMonk Programming Language Rankings: January 2023},
  url     = {https://redmonk.com/sogrady/2023/05/16/language-rankings-1-23/},
  note  = {Accessed Oct. 29, 2023},
  year    = {2023},
  author  = {Stephen O'Grady}
}

@online{ElixirOfficialWebSite,
  title   = {Elixir},
  url     = {https://elixir-lang.org/},
  urldate = {2023-11-14},
  year    = 2023
}

@book{CompilerConstruction,
  author         = {William M. Waite, Gerhard Goos},
  editor         = {},
  publisher      = {},
  title          = {Compiler Construction},
  year           = {1984}
}

@article{A,
  author  = {A. A. Aardvark},
  title   = {Article title},
  journal = {Journal Title},
  year    = {1900},
  volume  = {1},
  pages   = {1--8},
  number  = {1}
}


@incollection{B,
  pages    = {627-637},
  title    = {Title of chapter in the book,},
  author   = {Sweetser, Penny},
  crossref = {crref}
}

@book{crref,
  title     = {Title of Published Book},
  booktitle = {Title of Published Book},
  publisher = {Charles River Media},
  year      = {2004},
  address   = {Hingham, Massachusetts, USA},
  edition   = {1}
}

@article{C,
  author  = {A. A. Abramson and B. B. Barbie and C. C. Rider},
  title   = {Article title},
  journal = {Journal Three},
  year    = {1900},
  volume  = {1},
  pages   = {192--244},
  number  = {1}
}

@article{D,
  author  = {J.K.Author},
  title   = {Article title},
  journal = {Journal Three},
  year    = {1900},
  month   = {6},
  volume  = {1},
  pages   = {192--244},
  number  = {1},
  note    = {Accessed: June 19, 2005. doi: 10.1109/TTHZ.2016.2544142. [Online]. Available: \url{https://ieeexplore.ieee.org/document/7463081}}
}

@conference{F,
  author    = {J\dot K\dot Author},
  title     = {Title of paper},
  booktitle = {Abbreviated Name of Conf.},
  note      = {1900, pp. 16--19. Accessed: June 19, 2005. [Online]. Available: \url{http://www.computer.org/csdl/proceedings/dac/2003/2394/00/2394001-abs.html}}
}